 @book{Dawidowicz,
    author    = "Michel Goossens and Frank Mittelbach and Alexander Samarin",
    title     = "Paula 2010 Literature Reviews Made Easy",
    year      = "1993",
    publisher = "Addison-Wesley",
    address   = "Reading, Massachusetts"
}
 
@misc{ImgSafe,
    author    = "Img Safe",
    title     = {{} Free online image storage},
    howpublished = {\url{https://imgsafe.org/}}
}

@misc{hosting24,
	author    = "James Ngondo",
	howpublished = {\url{www.technologywolves.com}},
}

@misc{NoSQL,
	title = {{NoSQL} Rise to NoSQL Databases},
	howpublished = {\url{http://www.slideshare.net/JAMESNGONDO/the-rise-of-nosql-databases?qid=53ef63bd-e679-47e2-9397-d41f69f203af&v=&b=&from_search=3}},
	note = {Accessed: 2016-04-15}
}

@misc{NodeJs,
	author    = "Node",
	title     = "NodeJS",
		howpublished = {\url{"http://www.tutorialspoint.com/nodejs/nodejs_tutorial.pdf}}
}


@misc{Tourism,
	title = {{Tourism} Global Tourism Statistics 2015},
	howpublished = {\url{http://www.statista.com/topics/962/global-tourism/}},
	note = {Accessed: 2016-03-20}
}

@misc{AngularJS,
	author=		"Viknes Balasubramanee",
	title     = {{}Twitter Bootstrap and AngularJS},
	howpublished = {\url{http://0-ieeexplore.ieee.org.library.gmit.ie/stamp/stamp.jsp?tp=&arnumber=6702640}},
	note = {Accessed: 2016-04-08}
}

@misc{Firebase,
	author    = "Firebase",
	title     = {{}AngularFire and Firebase},
	howpublished = {\url{https://www.firebase.com/docs/web/libraries/angular/}}
}

@misc{FirebaseRealtime,
	author    = "Firebase",
	title     = {{}Firebase Realtime data},
	howpublished       = {\url{https://www.firebase.com/features.html#features-database}}
}

@online{IonicFramework,
	author    = "Ionic",
	title     = {{}Ionic Framework},
	howpublished       = {\url{http://ionicframework.com/docs/guide/preface.html}},
	note = {Accessed: 2016-04-12}
}



